%% This BibTeX bibliography file was created using BibDesk.
%% https://bibdesk.sourceforge.io/

%% Created for Cornelius Heiming at 2025-04-24 23:48:46 +0200 


%% Saved with string encoding Unicode (UTF-8) 



@misc{anleitung,
	date-added = {2025-04-24 23:43:57 +0200},
	date-modified = {2025-04-24 23:48:22 +0200},
	howpublished = {\url{https://ecampus.uni-bonn.de/goto_ecampus_file_3695287_download.html}},
	month = {4},
	title = {Elektronik-Praktikum - Versuchsbeschreibungen},
	year = {2025},
	bdsk-file-1 = {YnBsaXN0MDDSAQIDBFxyZWxhdGl2ZVBhdGhZYWxpYXNEYXRhXxAzLi4vLi4vLi4vLi4vLi4vLi4vLi4vRG93bmxvYWRzL0VQIFNrcmlwdCBLdXJzIEEucGRmTxEBdgAAAAABdgACAAAMTWFjaW50b3NoIEhEAAAAAAAAAAAAAAAAAAAA44GGmUJEAAH/////FEVQIFNrcmlwdCBLdXJzIEEucGRmAAAAAAAAAAAAAAAAAAAAAAAAAAAAAAAAAAAAAAAAAAAAAAAAAAAAAAAAAP/////kMH3RAAAAAAAAAAAABwACAAAKIGN1AAAAAAAAAAAAAAAAAAlEb3dubG9hZHMAAAIANy86VXNlcnM6Y29ybmVsaXVzaGVpbWluZzpEb3dubG9hZHM6RVAgU2tyaXB0IEt1cnMgQS5wZGYAAA4AKgAUAEUAUAAgAFMAawByAGkAcAB0ACAASwB1AHIAcwAgAEEALgBwAGQAZgAPABoADABNAGEAYwBpAG4AdABvAHMAaAAgAEgARAASADVVc2Vycy9jb3JuZWxpdXNoZWltaW5nL0Rvd25sb2Fkcy9FUCBTa3JpcHQgS3VycyBBLnBkZgAAEwABLwAAFQACABf//wAAAAgADQAaACQAWgAAAAAAAAIBAAAAAAAAAAUAAAAAAAAAAAAAAAAAAAHU}}
