%% This BibTeX bibliography file was created using BibDesk.
%% https://bibdesk.sourceforge.io/

%% Created for Cornelius Heiming at 2025-05-10 00:44:58 +0200 


%% Saved with string encoding Unicode (UTF-8) 



@misc{zenerspannungen,
	author = {New Jersey Semi-Conductor Products, Inc.},
	date-added = {2025-05-09 19:44:46 +0200},
	date-modified = {2025-05-10 00:44:58 +0200},
	howpublished = {\url{https://www.alldatasheet.com/datasheet-pdf/view/616938/NJSEMI/BZX55C8V2.html}},
	title = {Silicon planar zener diodes},
	bdsk-file-1 = {YnBsaXN0MDDSAQIDBFxyZWxhdGl2ZVBhdGhZYWxpYXNEYXRhXxAaLi4vLi4vRG93bmxvYWRzL0JaWDU1Qy5QREZPEQFOAAAAAAFOAAIAAAxNYWNpbnRvc2ggSEQAAAAAAAAAAAAAAAAAAADkKXHBQkQAAf////8KQlpYNTVDLlBERgAAAAAAAAAAAAAAAAAAAAAAAAAAAAAAAAAAAAAAAAAAAAAAAAAAAAAAAAAAAAAAAAAAAAAA/////+REDKQAAAAAAAAAAAACAAIAAAogY3UAAAAAAAAAAAAAAAAACURvd25sb2FkcwAAAgAtLzpVc2Vyczpjb3JuZWxpdXNoZWltaW5nOkRvd25sb2FkczpCWlg1NUMuUERGAAAOABYACgBCAFoAWAA1ADUAQwAuAFAARABGAA8AGgAMAE0AYQBjAGkAbgB0AG8AcwBoACAASABEABIAK1VzZXJzL2Nvcm5lbGl1c2hlaW1pbmcvRG93bmxvYWRzL0JaWDU1Qy5QREYAABMAAS8AABUAAgAX//8AAAAIAA0AGgAkAEEAAAAAAAACAQAAAAAAAAAFAAAAAAAAAAAAAAAAAAABkw==}}

@manual{oszibedienungsanleitung,
	address = {\url{https://cdn-reichelt.de/documents/datenblatt/D100/GDS-1052-U_QUICKSTARTGUIDE_DE.pdf}},
	date-added = {2025-05-01 16:20:38 +0200},
	date-modified = {2025-05-01 16:26:24 +0200},
	edition = {GDS-1052-U},
	organization = {Reichelt electronic},
	title = {Bedienungsanleitung Digital Speicher Oszilloskop},
	bdsk-file-1 = {YnBsaXN0MDDSAQIDBFxyZWxhdGl2ZVBhdGhZYWxpYXNEYXRhXxAhR0RTLTEwNTItVV9RVUlDS1NUQVJUR1VJREVfREUucGRmTxEB2gAAAAAB2gACAAAMTWFjaW50b3NoIEhEAAAAAAAAAAAAAAAAAAAA5ClxwUJEAAH/////H0dEUy0xMDUyLVVfUVVJQ0tTVCNGRkZGRkZGRi5wZGYAAAAAAAAAAAAAAAAAAAAAAAAAAAAAAAAAAAAAAAAAAP/////kRBv+AAAAAAAAAAAAAQACAAAKIGN1AAAAAAAAAAAAAAAAABNFbGVrdHJvbmlrcHJha3Rpa3VtAAACAFgvOlVzZXJzOmNvcm5lbGl1c2hlaW1pbmc6RG9jdW1lbnRzOkVsZWt0cm9uaWtwcmFrdGlrdW06R0RTLTEwNTItVV9RVUlDS1NUQVJUR1VJREVfREUucGRmAA4ARAAhAEcARABTAC0AMQAwADUAMgAtAFUAXwBRAFUASQBDAEsAUwBUAEEAUgBUAEcAVQBJAEQARQBfAEQARQAuAHAAZABmAA8AGgAMAE0AYQBjAGkAbgB0AG8AcwBoACAASABEABIAVlVzZXJzL2Nvcm5lbGl1c2hlaW1pbmcvRG9jdW1lbnRzL0VsZWt0cm9uaWtwcmFrdGlrdW0vR0RTLTEwNTItVV9RVUlDS1NUQVJUR1VJREVfREUucGRmABMAAS8AABUAAgAX//8AAAAIAA0AGgAkAEgAAAAAAAACAQAAAAAAAAAFAAAAAAAAAAAAAAAAAAACJg==}}

@misc{anleitung,
	date-added = {2025-04-24 23:43:57 +0200},
	date-modified = {2025-04-24 23:48:22 +0200},
	howpublished = {\url{https://ecampus.uni-bonn.de/goto_ecampus_file_3695287_download.html}},
	month = {4},
	title = {Elektronik-Praktikum - Versuchsbeschreibungen},
	year = {2025},
	bdsk-file-1 = {YnBsaXN0MDDSAQIDBFxyZWxhdGl2ZVBhdGhZYWxpYXNEYXRhXxAkLi4vLi4vRG93bmxvYWRzL0VQIFNrcmlwdCBLdXJzIEEucGRmTxEBdgAAAAABdgACAAAMTWFjaW50b3NoIEhEAAAAAAAAAAAAAAAAAAAA5ClxwUJEAAH/////FEVQIFNrcmlwdCBLdXJzIEEucGRmAAAAAAAAAAAAAAAAAAAAAAAAAAAAAAAAAAAAAAAAAAAAAAAAAAAAAAAAAP/////kMH3RAAAAAAAAAAAAAgACAAAKIGN1AAAAAAAAAAAAAAAAAAlEb3dubG9hZHMAAAIANy86VXNlcnM6Y29ybmVsaXVzaGVpbWluZzpEb3dubG9hZHM6RVAgU2tyaXB0IEt1cnMgQS5wZGYAAA4AKgAUAEUAUAAgAFMAawByAGkAcAB0ACAASwB1AHIAcwAgAEEALgBwAGQAZgAPABoADABNAGEAYwBpAG4AdABvAHMAaAAgAEgARAASADVVc2Vycy9jb3JuZWxpdXNoZWltaW5nL0Rvd25sb2Fkcy9FUCBTa3JpcHQgS3VycyBBLnBkZgAAEwABLwAAFQACABf//wAAAAgADQAaACQASwAAAAAAAAIBAAAAAAAAAAUAAAAAAAAAAAAAAAAAAAHF}}
